@misc{andersen,
      author = "Tania Andersen",
      title = "Ny lov: Arbejdsløse skal dataprofileres og samkøres i landsdækkende register.",
      year = "15. maj 2019",
      howpublished = "https://www.version2.dk/artikel/ny-lov-arbejdsloese-skal-dataprofileres-samkoeres-landsdaekkende-register-1088085",
      note = "[senest bes. 16.06.2019]"
}

@misc{kjaer,
      author = "Jakob Sorgenfri Kjær \& Lasse Danielsen",
      title = "Det er jo værre end sagen om Gladsaxe-modellen, det her. Algoritmer skal udpege langtidsledige.",
      year = "15. maj 2019",
      howpublished = "https://politiken.dk/viden/Tech/art7202917/Algoritmer-skal-udpege-langtidsledigeA",
      note = "[senest bes. 16.06.2019]"
}

@article{lov,
    author  = "Lov nr 548 af 07/05/2019",
    year    = 2019,
    url     = "https://www.retsinformation.dk/Forms/R0710.aspx?id=209082"
}

@misc{poulsen,
    author   = "Troels Lund Poulsen",
    title    = "Forslag til Lov om en aktiv beskaeftigelsesindsats.",
    year     = "27. mar. 2019",
    url      = "http://www.folketingstidende.dk/RIpdf/samling/20181/
lovforslag/L209/20181_L209_som_fremsat.pdf"
}


@article{deborah,
    author   = "Deborah G. Johnson",
    title    = "Philosophical Ethics",
    year     = "2001",
    journal  = "I: Computer Ethics",
    pages    = "3. udg., Upper Saddle River (NJ): Prentice Hall, Kap. 2, s. 26-53",
}

@article{mikkel,
    author   = "Mikkel Willum Johansen",
    title    = "Etiske perspektiver",
    journal  = "Undervisningsmateriale til VtDat 2019",
    year     = "Mar. 2019",
}

@article{mittelstadt,
    author   = "Brent Daniel Mittelstadt \& Luciano Floridi",
    title    = "The Ethics of Big Data. Current and Foreseeable Issues in
    Biomedical Contexts",
    year     = "2016",
    journal  = "Science and Engineering Ethics",
    version  = "bd. 22, nr. 2",
    pages    = "s. 303-341",
    url      = "DOI: 10.1007/s11948-015-9652-2"
}



@article{logmatches,
    author   = "Jerome H. Friedman and Jon Louis Bentley and Raphel Ari Finkel",
    title    = "An Algorithm for Finding Best Matches in Logarithmic Expected Time",
    journal  = "ACM Transactions on Mathematical Software",
    year     = 1977,
}

@article{kdann,
    author   = "Kaiming He and Jian Sun",
    title    = "Computing Nearest-Neighbor Fields via Propagation-Assisted KD-Trees",
    journal  = "Microsoft Research Asia",
    year     = 2012,
}






@article{ananny,
    author   = "M. Annany and K Crawford",
    title    = "Seeing without Knowing: Limitations of the Transparency Ideal
        and Its Application to Algorithmic Accountability",
    journal  = "New Media \& Society",
    year     = 2016,
}

@article{strathern,
    author   = "M. Strathern",
    title    = "Audit Cultures: Anthropological Studies in Accountability,
    Ethics and the Academy",
    journal  = "New York: Routledge",
    year     = 2000,
}

@article{ziewitz,
    author   = "M. Ziewitz",
    title    = "Governing algorithms: Myth, mess, and methods",
    journal  = "Science, Technology \& Human Values 41(4):",
    pages    = "3-16",
    year     = 2015,
}

@article{hill,
    author   = "Robin K. Hill",
    title    = "What an Algorithm Is",
    journal  = "hilosophy \& Technology, bd. 29, nr. 1",
    year     = 2016,
    pages    = "35-59"
}

@incollection{blomberg,
    author   = "J Blomberg and J Giacomi and A Mosher and P Swenton-Hall",
    title    = "Ethnographic Field Methods and their Relation To Design",
    booktitle= "Participatory Design: Principles and Practices",
    editor   = "D Schuler and A Namioka",
    publisher= "Lawrence Erlbaum Associates Publisher",
    address  = "UK",
    year     = 1993,
    pages    = "123-155",
    chapter  = 7
}

@article{rowley,
    author   = "J Rowley",
    title    = "Conducting research interviews",
    journal  = "Management Research Review 35(3/4)",
    year     = 2012,
    pages    = "260-271"
}

@misc{klein,
   title = "A SET OF PRINCIPLES FOR CONDUCTING AND EVALUATING INTERPRETIVE
      FIELD STUDIES IN INFORMATION SYSTEMS",
   howpublished =
                "\url{https://pdfs.semanticscholar.org/c4fb/a4d74946a77d3ec48beadbf35cc009          2192c1.pdf}",
   note   =  "Accessed: 2018-06-13",
   author = "Heinz K Klein and Michael D Myers",
   year   = 1999
}

@article{forsythe,
   author = "D Forsythe",
   title  = "It's just a matter of common sense: Ethnography as  Invisible Work",
   journal= "Computer Supported Cooperative Work (CSCW): An International
       Journal 8(1-2)",
   year   = 1999,
   pages  = "127-145"
}

@article{eisenhardt,
    author  = "K M Eisenhardt",
    title   = "Building Theories from Case Study Research",
    journal = "The Academy of Management Review 14(4):",
    year    = 1989,
    address = "532-550"
}

@article{schmidt,
   author = "K Schmidt and L Bannon",
   title  = "Taking CSCW Seriously: Supporting Articulation Work",
   journal= "Computer Supported Cooperative Work (CSCW): An International
         Journal1(1-2)",
   year   = 1992,
   pages  = "7-40"
}

@incollection{gerson,
       author    = "E Gerson",
       title     = "Reach, bracket, and the limits of rationalized coordination:
           Some challengoes for CSCW.",
       booktitle = "Resources, co-evolution and artifacts, theory in CSCW",
       editor    = "M. Ackerman, H. Christine, T. Erickson and W. A. Kellogg",
       publisher = "Springer",
       address   = "London",
       year      = 2008,
       pages     = "193 - 220"
}

@article{gutwin,
    author = "C Gutwin and S Greenberg",
    title  = "A descriptive framework of workspace awareness for real-time
        groupware",
    journal= "Computer Supported Cooperative Work (CSCW): An International
        Journal 11",
    year   = 2002,
    pages  = "411-446"
}

@article{bannon,
    author = "L Bannon and K Kuutti",
    title  = "Shifting perspectives on organizational memory:
                From storage to active remembering.",
    journal = "Hawaii International Conference on System Science (HICSS).",
    address = "Hawaii, USA, IEEE:",
    year    = 1996,
    pages   = "156-167"
}

@book{dreyfus,
    author   = "H Dreyfus",
    title    = "Intuitive, deliberative and calculative models of expert
        performance. Naturalistic decision making",
    editor   = "C. Zsambok and G. Klein. Mahwah",
    publisher= "Lawrence Erlbaum Associates, Publishers:",
    address  = "New Jersey",
    year     = 1997,
    pages    = "17-28"
}


@book{beyer,
    author = "H Beyer K Holtzblatt",
    year   = 1998,
    title  = "Contextual Design: Defining customer-centred systems.",
    editor = "M.",
    publisher = "Morgan Kaufmann Publishers",
    chapter   = "CHAPTER: The affinity diagram",
    pages     = "154-190",
    address   = "San Francisco, USA"
}

@article{berg,
     author = "M Berg",
     title  = "Implementing Information Systems in Healthcare Organizations:
         Myths and Challenges",
     journal= "International journal of Medical Informatics 64",
     year   = 2001,
     pages  = "143-156"
}

@article{orlikowski92,
    author = "W J Orlikowski",
    title  = "Learning From Notes: Organizational Issues in Groupware
        Implementation",
    journal = "Conference on Computer Supported Cooperative Work, New York,
    ACM.",
    year    = 1992,
    pages   = "362-369"
}

@article{orlikowski94,
    author = "W J Orlikowski and D C Gash",
    title  = "Technological Frames: Making Sense of Information Technology in
       Organizations.",
    journal = "ACM Transactions on Information Systems 12(2)",
    address = "Hawaii, USA, IEEE:",
    year    = 1994,
    pages   = "174-207"
}

@misc{btree,
        author = "{Wikipedia contributors}",
        title = "B+ tree",
        year = 2018,
        howpublished = "\url{https://en.wikipedia.org/wiki/B%2B_tree}",
        note = "[Online; accessed 11-June-2018]"
}

@incollection{lee,
    author = "C Lee and D Paine",
    title  = "From the matrix to a model of coordinated action (MoCA): A
            conceptual framework of and for CSCW.",
    booktitle = "CSCW",
    address   = "Vancouver, Canada",
    year   = 2015,
    pages  = "179-194"
}
